@INPROCEEDINGS{Thermal, 
author={Kurz, D.}, 
booktitle={Mixed and Augmented Reality (ISMAR), 2014 IEEE International Symposium on}, 
title={Thermal touch: Thermography-enabled everywhere touch interfaces for mobile augmented reality applications}, 
year={2014}, 
pages={9-16}, 
keywords={augmented reality;mobile computing;object tracking;user interfaces;head-mounted displays;heat transfer;infrared thermography;mobile augmented reality application;residual heat detection;thermal touch;thermography-enabled everywhere touch interfaces;touchpads;visible light camera;visual object tracking;voice control;warm fingertip;wearable computers;Augmented reality;Cameras;Heating;Materials;Temperature measurement;Three-dimensional displays;User interfaces;Artificial, augmented, virtual realities — Evaluation/methodology;H.5.1 [Multimedia Information Systems];H.5.2 [User Interfaces]: Input devices and strategies — Graphical user interfaces}, 
doi={10.1109/ISMAR.2014.6948403}, 
month={Sept},}

@INPROCEEDINGS{3D, 
author={Thomas, B.H. and Marner, M. and Smith, R.T. and Elsayed, N.A.M. and Von Itzstein, S. and Klein, K. and Adcock, M. and Eades, P. and Irlitti, A. and Zucco, J. and Simon, T. and Baumeister, J. and Suthers, T.}, 
booktitle={3DVis (3DVis), 2014 IEEE VIS International Workshop on}, 
title={Spatial augmented reality -- A tool for 3D data visualization}, 
year={2014}, 
pages={45-50}, 
keywords={augmented reality;data visualisation;liquid crystal displays;three-dimensional displays;3D data visualization;LCD monitor;SAR;VR technology;display technology;fish tank metaphor problem;spatial augmented reality;Augmented reality;Context;Data visualization;Monitoring;Prototypes;Shape;Three-dimensional displays;3D Visualization;Spatial Augmented Reality;Spatial User Interaction}, 
doi={10.1109/3DVis.2014.7160099}, 
month={Nov},}

 @misc{6DOF,
   author = "Wikipedia",
   title = "Six degrees of freedom --- Wikipedia{,} The Free Encyclopedia",
   year = "2015",
   url = "https://en.wikipedia.org/w/index.php?title=Six_degrees_of_freedom&oldid=683426652",
   note = "[Online; accessed 1-November-2015]"
 }

 @misc{VR,
   author = "Wikipedia",
   title = "Virtual reality --- Wikipedia{,} The Free Encyclopedia",
   year = "2015",
   url = "https://en.wikipedia.org/w/index.php?title=Virtual_reality&oldid=688517336",
   note = "[Online; accessed 1-November-2015]"
 }
 @ARTICLE{CAVE, 
author={Marner, M.R. and Smith, R.T. and Walsh, J.A. and Thomas, B.H.}, 
journal={Computer Graphics and Applications, IEEE}, 
title={Spatial User Interfaces for Large-Scale Projector-Based Augmented Reality}, 
year={2014}, 
volume={34}, 
number={6}, 
pages={74-82}, 
keywords={augmented reality;user interfaces;large-scale projector-based augmented reality;natural passive haptic feedback;projection surface;spatial augmented reality;spatial user interfaces;user collaboration;virtual environment;Augmented reality;Computer interfaces;Context modeling;Three-dimensional displays;User interfaces;Virtual environment;augmented reality;computer graphics;graphics;spatial augmented reality;spatial user interfaces;virtual environments;virtual reality}, 
doi={10.1109/MCG.2014.117}, 
ISSN={0272-1716}, 
month={Nov},}

@INPROCEEDINGS{ethics, 
author={Heimo, O.I. and Kimppa, K.K. and Helle, S. and Korkalainen, T. and Lehtonen, T.}, 
booktitle={Ethics in Science, Technology and Engineering, 2014 IEEE International Symposium on}, 
title={Augmented reality - Towards an ethical fantasy?}, 
year={2014}, 
pages={1-7}, 
keywords={augmented reality;data privacy;ethical aspects;augmented reality data;data ownership;equality;ethical fantasy;governmental use;mixed reality development;peer surveillance;privacy;private use;sousveillance;Augmented reality;Glass;Government;Privacy;Streaming media;Surveillance;Augmented Reality;Ethics;Information Ethics;Information Systems;Mixed Reality}, 
doi={10.1109/ETHICS.2014.6893423}, 
month={May},}